<?xml version="1.0" encoding="UTF-8"?><record xmlns="http://www.loc.gov/MARC21/slim" xmlns:cinclude="http://apache.org/cocoon/include/1.0" xmlns:zs="http://www.loc.gov/zing/srw/">
  <leader>00354cz  a2200121n  4500</leader>
  <controlfield tag="001">n  88088392 </controlfield>
  <controlfield tag="003">DLC</controlfield>
  <controlfield tag="005">19890810110456.2</controlfield>
  <controlfield tag="008">890717n| acannaab|          |n aaa ||| b</controlfield>
  <datafield tag="010" ind1=" " ind2=" ">
    <subfield code="a">n  88088392 </subfield>
  </datafield>
  <datafield tag="040" ind1=" " ind2=" ">
    <subfield code="a">DNLM</subfield>
    <subfield code="c">DLC</subfield>
    <subfield code="d">DLC</subfield>
  </datafield>
  <datafield tag="100" ind1="1" ind2="0">
    <subfield code="a">Radford, Inge</subfield>
  </datafield>
  <datafield tag="670" ind1=" " ind2=" ">
    <subfield code="a">Her Action for MS care, c1987:</subfield>
    <subfield code="b">t.p. (Inge Radford, Dept. of Psychology, Queen's Univ. of Belfast)</subfield>
  </datafield>
</record>